
@book{Puterman2005,
  title = {Markov Decision Processes: Discrete Stochastic Dynamic Programming},
  author = {Puterman, Martin L},
  year = {2005},
  publisher = {Wiley-Interscience},
  urldate = {2013-10-07},
}
